@article{ye2019evaluating,
  title={Evaluating the impact of connected and autonomous vehicles on traffic safety},
  author={Ye, Lanhang and Yamamoto, Toshiyuki},
  journal={Physica A: Statistical Mechanics and its Applications},
  volume={526},
  pages={121009},
  year={2019},
  publisher={Elsevier}
}

@article{talebpour2016influence,
  title={Influence of connected and autonomous vehicles on traffic flow stability and throughput},
  author={Talebpour, Alireza and Mahmassani, Hani S},
  journal={Transportation research part C: emerging technologies},
  volume={71},
  pages={143--163},
  year={2016},
  publisher={Elsevier}
}

@article{rana2023connected,
  title={Connected and autonomous vehicles and infrastructures: A literature review},
  author={Rana, Md Masud and Hossain, Kamal},
  journal={International Journal of Pavement Research and Technology},
  volume={16},
  number={2},
  pages={264--284},
  year={2023},
  publisher={Springer}
}

@article{kopelias2020connected,
  title={Connected \& autonomous vehicles--Environmental impacts--A review},
  author={Kopelias, Pantelis and Demiridi, Elissavet and Vogiatzis, Konstantinos and Skabardonis, Alexandros and Zafiropoulou, Vassiliki},
  journal={Science of the total environment},
  volume={712},
  pages={135237},
  year={2020},
  publisher={Elsevier}
}

@article{ye2018impact,
  title={Impact of dedicated lanes for connected and autonomous vehicle on traffic flow throughput},
  author={Ye, Lanhang and Yamamoto, Toshiyuki},
  journal={Physica A: Statistical Mechanics and its Applications},
  volume={512},
  pages={588--597},
  year={2018},
  publisher={Elsevier}
}

@article{zhang2019impact,
  title={An impact study of integrating connected automated vehicles with conventional traffic},
  author={Zhang, Yue and Cassandras, Christos G},
  journal={Annual Reviews in Control},
  volume={48},
  pages={347--356},
  year={2019},
  publisher={Elsevier}
}

@article{ye2018modeling,
  title={Modeling connected and autonomous vehicles in heterogeneous traffic flow},
  author={Ye, Lanhang and Yamamoto, Toshiyuki},
  journal={Physica A: Statistical Mechanics and its Applications},
  volume={490},
  pages={269--277},
  year={2018},
  publisher={Elsevier}
}

@article{talebpour2018effect,
  title={Effect of information availability on stability of traffic flow: Percolation theory approach},
  author={Talebpour, Alireza and Mahmassani, Hani S and Hamdar, Samer H},
  journal={Transportation Research Part B: Methodological},
  volume={117},
  pages={624--638},
  year={2018},
  publisher={Elsevier}
}

@article{shang2017agent,
  title={Agent-based day-to-day traffic network model with information percolation},
  author={Shang, Wenlong and Han, Ke and Ochieng, Washington and Angeloudis, Panagiotis},
  journal={Transportmetrica A: Transport Science},
  volume={13},
  number={1},
  pages={38--66},
  year={2017},
  publisher={Taylor \& Francis}
}

@article{gore2023modified,
  title={Modified Bureau of Public Roads Link Function},
  author={Gore, Ninad and Arkatkar, Shriniwas and Joshi, Gaurang and Antoniou, Constantinos},
  journal={Transportation Research Record},
  volume={2677},
  number={5},
  pages={966--990},
  year={2023},
  publisher={SAGE Publications Sage CA: Los Angeles, CA}
}

@inproceedings{anwar2011newly,
  title={Newly developed link performance functions incorporating the influence of on-street occupancy for developing cities: study on Dhaka city of Bangladesh},
  author={Anwar, AHMM and Fujiwara, Akimasa and Zhang, Junyi},
  booktitle={the 90th annual meeting of the Transportation Research Board, Washington, DC, January},
  pages={23--27},
  year={2011}
}